@book{gamma,
 author = {Poynton, Charles},
 title = {Digital Video and HDTV Algorithms and Interfaces},
 year = {2003},
 edition = {1},
 publisher = {Morgan Kaufmann Publishers Inc.},
} 

@article{EDF,
 author = {Liu, C. L. and Layland, James W.},
 title = {Scheduling Algorithms for Multiprogramming in a Hard-Real-Time Environment},
 journal = {J. ACM},
 issue_date = {Jan. 1973},
 volume = {20},
 number = {1},
 year = {1973},
 pages = {46--61},
} 


@inproceedings{DeTail,
 author = {Zats, David and Das, Tathagata and Mohan, Prashanth and Borthakur, Dhruba and Katz, Randy},
 title = {DeTail: Reducing the Flow Completion Time Tail in Datacenter Networks},
 series = {SIGCOMM '12},
 year = {2012},
 pages = {139--150},
} 

@inproceedings{Incast08, 
 author = {Phanishayee, Amar and Krevat, Elie and Vasudevan, Vijay and Andersen, David G. and Ganger, Gregory R. and Gibson, Garth A. and Seshan, Srinivasan},
 title = {Measurement and Analysis of TCP Throughput Collapse in Cluster-based Storage Systems},
 series = {FAST'08},
 year = {2008},
 pages = {12:1--12:14},
} 

@inproceedings{Incast09,
 author = {Chen, Yanpei and Griffith, Rean and Liu, Junda and Katz, Randy H. and Joseph, Anthony D.},
 title = {Understanding TCP Incast Throughput Collapse in Datacenter Networks},
 series = {WREN '09},
 year = {2009},
 pages = {73--82},
} 

@inproceedings{OLDI,
 author = {Meisner, David and Sadler, Christopher M. and Barroso, Luiz Andr{\'e} and Weber, Wolf-Dietrich and Wenisch, Thomas F.},
 title = {Power Management of Online Data-intensive Services},
 series = {ISCA '11},
 year = {2011},
 pages = {319--330},
} 

@inproceedings{D2TCP,
 author = {Vamanan, Balajee and Hasan, Jahangir and Vijaykumar, T.N.},
 title = {Deadline-aware Datacenter TCP (D2TCP)},
 series = {SIGCOMM '12},
 year = {2012},
 pages = {115--126},
} 

@article{PDQ,
  title={Finishing flows quickly with preemptive scheduling},
  author={Hong, Chi-Yao and Caesar, Matthew and Godfrey, P},
  journal={ACM SIGCOMM Computer Communication Review},
  volume={42},
  number={4},
  pages={127--138},
  year={2012},
  publisher={ACM}
}

@misc{Latency,
  author        = {Latency},
  title         = {Latency Is Everywhere And It Costs You Sales - How To Crush It},
  url = "http://highscalability.com/latency-everywhere-and-it-costs-you-sales-how-crush-it",
  year          = {2009}
}

@inproceedings{pFabric,
 author = {Alizadeh, Mohammad and Yang, Shuang and Sharif, Milad and Katti, Sachin and McKeown, Nick and Prabhakar, Balaji and Shenker, Scott},
 title = {pFabric: Minimal Near-optimal Datacenter Transport},
 series = {SIGCOMM '13},
 year = {2013},
 pages = {435--446},
} 


@inproceedings{DCTCP,
 author = {Alizadeh, Mohammad and Greenberg, Albert and Maltz, David A. and Padhye, Jitendra and Patel, Parveen and Prabhakar, Balaji and Sengupta, Sudipta and Sridharan, Murari},
 title = {Data Center TCP (DCTCP)},
 series = {SIGCOMM '10},
 year = {2010},
 pages = {63--74},
} 

@inproceedings{D3,
 author = {Wilson, Christo and Ballani, Hitesh and Karagiannis, Thomas and Rowtron, Ant},
 title = {Better Never Than Late: Meeting Deadlines in Datacenter Networks},
 series = {SIGCOMM '11},
 year = {2011},
 pages = {50--61},
} 

@article{TourDC,
 author = {Abts, Dennis and Felderman, Bob},
 title = {A Guided Tour Through Data-center Networking},
 journal = {Queue},
 volume = {10},
 number = {5},
 year = {2012},
 month = {May},
 pages = {10:10--10:23},
} 

@ARTICLE{ICTCP, 
author={Haitao Wu and Zhenqian Feng and Chuanxiong Guo and Yongguang Zhang}, 
journal={Networking, IEEE/ACM Transactions on}, 
title={ICTCP: Incast Congestion Control for TCP in Data-Center Networks}, 
year={2013}, 
month={April}, 
volume={21}, 
number={2}, 
pages={345-358}, 
}

@INPROCEEDINGS{L2DCT, 
author={Munir, A. and Qazi, I.A. and Uzmi, Z.A. and Mushtaq, A. and Ismail, S.N. and Iqbal, M.S. and Khan, B.}, 
booktitle={INFOCOM, 2013 Proceedings IEEE}, 
title={Minimizing flow completion times in data centers}, 
year={2013}, 
month={April}, 
pages={2157-2165}, 
}

@misc{ECN,
 author = {Ramakrishnan, K. and Floyd, S. and Black, D.},
 title = {The Addition of Explicit Congestion Notification (ECN) to IP},
 year = {2001},
} 
 
@INPROCEEDINGS{buffersize, 
author={Barman, D. and Smaragdakis, G. and Matta, I.}, 
booktitle={Global Telecommunications Conference, 2004. GLOBECOM '04. IEEE}, 
title={The effect of router buffer size on HighSpeed TCP performance}, 
year={2004，22}, 
month={Nov}, 
volume={3}, 
pages={1617-1621 Vol.3}, 
}

@misc{DCTCPcode,
  author        = {High Scalability},
  title         = {Latency Is Everywhere And It Costs You Sales - How To Crush It},
  url = {http://simula.stanford.edu/~alizade/Site/DCTCP.html},
}

@misc{ns2,
  title         = {The Network Simulator --- ns-2},
  url = {http://www.isi.edu/nsnam/ns/},
}
@inproceedings{CloudMirror,
  title={Application-driven bandwidth guarantees in datacenters},
  author={Lee, Jeongkeun and Turner, Yoshio and Lee, Myungjin and Popa, Lucian and Banerjee, Sujata and Kang, Joon-Myung and Sharma, Puneet},
  booktitle={Proceedings of the 2014 ACM conference on SIGCOMM},
  pages={467--478},
  year={2014},
  organization={ACM}
}


@inproceedings{DCTCPAnalysis,
  title={Analysis of DCTCP: stability, convergence, and fairness},
  author={Alizadeh, Mohammad and Javanmard, Adel and Prabhakar, Balaji},
  booktitle={Proceedings of the ACM SIGMETRICS joint international conference on Measurement and modeling of computer systems},
  pages={73--84},
  year={2011},
  organization={ACM}
}

@inproceedings{TCPfluid,
  title={Fluid-based analysis of a network of AQM routers supporting TCP flows with an application to RED},
  author={Misra, Vishal and Gong, Wei-Bo and Towsley, Don},
  booktitle={ACM SIGCOMM Computer Communication Review},
  volume={30},
  number={4},
  pages={151--160},
  year={2000},
  organization={ACM}
}

@inproceedings{LPD,
  title={More load, more differentiation—A design principle for deadline-aware congestion control},
  author={Zhang, Han and Shi, Xingang and Yin, Xia and Ren, Fengyuan and Wang, Zhiliang},
  booktitle={Computer Communications (INFOCOM), 2015 IEEE Conference on},
  pages={127--135},
  year={2015},
  organization={IEEE}
}
@inproceedings{PASE,
  title={Friends, not foes: synthesizing existing transport strategies for data center networks},
  author={Munir, Ali and Baig, Ghufran and Irteza, Syed M and Qazi, Ihsan A and Liu, Alex X and Dogar, Fahad R},
  booktitle={Proceedings of the 2014 ACM conference on SIGCOMM},
  pages={491--502},
  year={2014},
  organization={ACM}
}


@inproceedings{MPTCP,
  title={Explicit multipath congestion control for data center networks},
  author={Cao, Yu and Xu, Mingwei and Fu, Xiaoming and Dong, Enhuan},
  booktitle={Proceedings of the ninth ACM conference on Emerging networking experiments and technologies},
  pages={73--84},
  year={2013},
  organization={ACM}
}

@misc{dummynet,
title ={The dummynet project. [Online]. Available},
 url ={http://info.iet.unipi.it/∼luigi/dummynet/},
}


@inproceedings{zhang2015more,
  title={More load, more differentiation—A design principle for deadline-aware congestion control},
  author={Zhang, Han and Shi, Xingang and Yin, Xia and Ren, Fengyuan and Wang, Zhiliang},
  booktitle={2015 IEEE Conference on Computer Communications (INFOCOM)},
  pages={127--135},
  year={2015},
  organization={IEEE}
}

@inproceedings{munir2014friends,
  title={Friends, not foes: synthesizing existing transport strategies for data center networks},
  author={Munir, Ali and Baig, Ghufran and Irteza, Syed M and Qazi, Ihsan A and Liu, Alex X and Dogar, Fahad R},
  booktitle={ACM SIGCOMM Computer Communication Review},
  volume={44},
  number={4},
  pages={491--502},
  year={2014},
  organization={ACM}
}

@inproceedings{mittal2015timely,
  title={TIMELY: RTT-based Congestion Control for the Datacenter},
  author={Mittal, Radhika and Dukkipati, Nandita and Blem, Emily and Wassel, Hassan and Ghobadi, Monia and Vahdat, Amin and Wang, Yaogong and Wetherall, David and Zats, David and others},
  booktitle={ACM SIGCOMM Computer Communication Review},
  volume={45},
  number={4},
  pages={537--550},
  year={2015},
  organization={ACM}
}


@inproceedings{zhang2016fdrc,
  title={FDRC-Flow duration time based rate control in data center networks},
  author={Zhang, Han and Shi, Xingang and Yin, Xia and Wang, Zhiliang and Guo, YingYa},
  booktitle={Quality of Service (IWQoS), 2016 IEEE/ACM 24th International Symposium on},
  pages={1--10},
  year={2016},
  organization={IEEE}
}
@inproceedings{chen2016scheduling,
  title={Scheduling Mix-flows in Commodity Datacenters with Karuna},
  author={Chen, Li and Chen, Kai and Bai, Wei and Alizadeh, Mohammad},
  booktitle={Proceedings of the 2016 conference on ACM SIGCOMM 2016 Conference},
  pages={174--187},
  year={2016},
  organization={ACM}
}


@inproceedings{chowdhury2014efficient,
  title={Efficient coflow scheduling with varys},
  author={Chowdhury, Mosharaf and Zhong, Yuan and Stoica, Ion},
  booktitle={ACM SIGCOMM Computer Communication Review},
  volume={44},
  number={4},
  pages={443--454},
  year={2014},
  organization={ACM}
}

@inproceedings{chowdhury2012coflow,
  title={Coflow: A networking abstraction for cluster applications},
  author={Chowdhury, Mosharaf and Stoica, Ion},
  booktitle={Proceedings of the 11th ACM Workshop on Hot Topics in Networks},
  pages={31--36},
  year={2012},
  organization={ACM}
}

@inproceedings{chowdhury2015efficient,
  title={Efficient coflow scheduling without prior knowledge},
  author={Chowdhury, Mosharaf and Stoica, Ion},
  booktitle={ACM SIGCOMM Computer Communication Review},
  volume={45},
  number={4},
  pages={393--406},
  year={2015},
  organization={ACM}
}



@misc{LPD-sim-code,
  title         = {Simulation code of LPD},
  url = {https://github.com/zhanghan1990/LPD-sim/},
}

@misc{LPD-code,
  title         = {Linux kernel code of LPD},
  url = {https://github.com/zhanghan1990/LPD/},
}


@article{wu-datacenter,
  title={数据中心发展趋势探讨},
  author={吴小芳},
  journal={中国新通信},
  volume={19},
  number={1},
  pages={19-21},
  year={2017},
}


@article{fang-cloud,
  title={云计算国内外发展现状分析},
  author={房秉毅 and 张云勇 and 程莹 and 徐雷},
  journal={电信科学},
  number={S1},
  pages={1-6},
  year={2010},
}

@article{li-cloud,
  title={数据中心网络的研究进展与趋势},
  author={李丹 and 陈贵海 and 任丰原 and 蒋长林 and 徐明伟},
  journal={计算机学报},
  volume={37},
  number={2},
  pages={259-274},
  year={2014},
}


@article{wei-dc,
  title={数据中心网络的体系结构},
  author={魏祥麟 and 陈鸣 and 范建华 and 张国敏 and 卢紫毅},
  journal={软件学报},
  number={2},
  pages={295-316},
  year={2013},
}

@article{deng-dc,
  title={现代数据中心网络特征研究},
  author={邓罡 and 龚正虎 and 王宏},
  journal={计算机研究与发展},
  volume={51},
  number={2},
  pages={395-407},
  year={2014},
}

@article{COLOR,
  title={Sum multicoloring of graphs},
  author={Bar-Noy, Amotz and Halld{\'o}rsson, Magn{\'u}s M and Kortsarz, Guy and Salman, Ravit and Shachnai, Hadas},
  journal={Journal of Algorithms},
  volume={37},
  number={2},
  pages={422--450},
  year={2000},
  publisher={Elsevier}
}

@inproceedings{sathiamoorthy2013xoring,
  title={Xoring elephants: Novel erasure codes for big data},
  author={Sathiamoorthy, Maheswaran and Asteris, Megasthenis and Papailiopoulos, Dimitris and Dimakis, Alexandros G and Vadali, Ramkumar and Chen, Scott and Borthakur, Dhruba},
  booktitle={Proceedings of the VLDB Endowment},
  volume={6},
  number={5},
  pages={325--336},
  year={2013},
  organization={VLDB Endowment}
}

@inproceedings{wu2010cloud,
  title={Cloud storage as the infrastructure of cloud computing},
  author={Wu, Jiyi and Ping, Lingdi and Ge, Xiaoping and Wang, Ya and Fu, Jianqing},
  booktitle={Intelligent Computing and Cognitive Informatics (ICICCI), 2010 International Conference on},
  pages={380--383},
  year={2010},
  organization={IEEE}
}

@inproceedings{dogar2014decentralized,
  title={Decentralized task-aware scheduling for data center networks},
  author={Dogar, Fahad R and Karagiannis, Thomas and Ballani, Hitesh and Rowstron, Antony},
  booktitle={ACM SIGCOMM Computer Communication Review},
  volume={44},
  number={4},
  pages={431--442},
  year={2014},
  organization={ACM}
}

@inproceedings{chowdhury2015efficient,
  title={Efficient coflow scheduling without prior knowledge},
  author={Chowdhury, Mosharaf and Stoica, Ion},
  booktitle={ACM SIGCOMM Computer Communication Review},
  volume={45},
  number={4},
  pages={393--406},
  year={2015},
  organization={ACM}
}

@inproceedings{beaver2010finding,
  title={Finding a Needle in Haystack: Facebook's Photo Storage.},
  author={Beaver, Doug and Kumar, Sanjeev and Li, Harry C and Sobel, Jason and Vajgel, Peter and others},
  booktitle={OSDI},
  volume={10},
  number={2010},
  pages={1--8},
  year={2010}
}
@article{li2013erasure,
  title={Erasure coding for cloud storage systems: a survey},
  author={Li, Jun and Li, Baochun},
  journal={Tsinghua Science and Technology},
  volume={18},
  number={3},
  pages={259--272},
  year={2013},
  publisher={TUP}
}


@article{dimakis606049decentralized,
  title={Decentralized Erasure Codes for Distributed Networked Storage},
  author={Dimakis, Alexandros G and Prabhakaran, Vinod and Ramchandran, Kannan},
  journal={arXiv preprint cs/0606049}
}


@article{dimakis2010network,
  title={Network coding for distributed storage systems},
  author={Dimakis, Alexandros G and Godfrey, P Brighten and Wu, Yunnan and Wainwright, Martin J and Ramchandran, Kannan},
  journal={IEEE Transactions on Information Theory},
  volume={56},
  number={9},
  pages={4539--4551},
  year={2010},
  publisher={IEEE}
}

@article{lin2012secure,
  title={A secure erasure code-based cloud storage system with secure data forwarding},
  author={Lin, Hsiao-Ying and Tzeng, Wen-Guey},
  journal={IEEE transactions on parallel and distributed systems},
  volume={23},
  number={6},
  pages={995--1003},
  year={2012},
  publisher={IEEE}
}

@inproceedings{schurman2009user,
  title={The user and business impact of server delays, additional bytes, and HTTP chunking in web search},
  author={Schurman, Eric and Brutlag, Jake},
  booktitle={Velocity Web Performance and Operations Conference},
  year={2009}
}

@inproceedings{zhang2016coda,
  title={CODA: Toward automatically identifying and scheduling coflows in the dark},
  author={Zhang, Hong and Chen, Li and Yi, Bairen and Chen, Kai and Chowdhury, Mosharaf and Geng, Yanhui},
  booktitle={Proceedings of the 2016 conference on ACM SIGCOMM 2016 Conference},
  pages={160--173},
  year={2016},
  organization={ACM}
}

@inproceedings{huang2016sunflow,
  title={Sunflow: Efficient Optical Circuit Scheduling for Coflows},
  author={Huang, Xin Sunny and Sun, Xiaoye Steven and Ng, TS Eugene},
  booktitle={Proceedings of the 12th International on Conference on emerging Networking EXperiments and Technologies},
  pages={297--311},
  year={2016},
  organization={ACM}
}

@techreport{chen2000supply,
  title={Supply chain scheduling: Assembly systems},
  author={Chen, Zhi-Long and Hall, Nicholas G},
  year={2000},
  institution={Working Paper, Department of Systems Engineering, University of Pennsylvania}
}

@article{mastrolilli2010minimizing,
  title={Minimizing the sum of weighted completion times in a concurrent open shop},
  author={Mastrolilli, Monaldo and Queyranne, Maurice and Schulz, Andreas S and Svensson, Ola and Uhan, Nelson A},
  journal={Operations Research Letters},
  volume={38},
  number={5},
  pages={390--395},
  year={2010},
  publisher={Elsevier}
}

@article{roemer2006note,
  title={A note on the complexity of the concurrent open shop problem},
  author={Roemer, Thomas A},
  journal={Journal of scheduling},
  volume={9},
  number={4},
  pages={389--396},
  year={2006},
  publisher={Springer}
}


@article{dean2008mapreduce,
  title={MapReduce: simplified data processing on large clusters},
  author={Dean, Jeffrey and Ghemawat, Sanjay},
  journal={Communications of the ACM},
  volume={51},
  number={1},
  pages={107--113},
  year={2008},
  publisher={ACM}
}

@article{luo2016towards,
  title={Towards Practical and Near-optimal Coflow Scheduling for Data Center Networks},
  author={Luo, Shouxi and Yu, Hongfang and Zhao, Yangming and Wang, Sheng and Yu, Shui and Li, Lemin},
  journal={IEEE Transactions on Parallel and Distributed Systems},
  volume={27},
  number={11},
  pages={3366--3380},
  year={2016},
  publisher={IEEE}
}

@misc{DTARGET,
title ={D-Target},
 url ={https://github.com/zhanghan1990/D-Target/},
}

@inproceedings{qiu2015minimizing,
  title={Minimizing the total weighted completion time of coflows in datacenter networks},
  author={Qiu, Zhen and Stein, Cliff and Zhong, Yuan},
  booktitle={Proceedings of the 27th ACM symposium on Parallelism in Algorithms and Architectures},
  pages={294--303},
  year={2015},
  organization={ACM}
}

@inproceedings{Decandia2007Dynamo,
  title={Dynamo: amazon's highly available key-value store},
  author={Decandia, Giuseppe and Hastorun, Deniz and Jampani, Madan and Kakulapati, Gunavardhan and Lakshman, Avinash and Pilchin, Alex and Sivasubramanian, Swaminathan and Vosshall, Peter and Vogels, Werner},
  booktitle={ACM Sigops Symposium on Operating Systems Principles},
  pages={205-220},
  year={2007},
}


@inproceedings{Renesse2002Scalable,
  title={Scalable Management and Data Mining Using Astrolabe},
  author={Renesse, Robbert Van and Birman, Kenneth P. and Dan, Dumitriu and Vogels, Werner},
  booktitle={Revised Papers from the First International Workshop on Peer-to-Peer Systems},
  pages={280-294},
  year={2002},
}


@inproceedings{Kohavi2007Practical,
  title={Practical guide to controlled experiments on the web:listen to your customers not to the hippo},
  author={Kohavi, Ron and Henne, Randal M. and Dan, Sommerfield},
  booktitle={ACM SIGKDD International Conference on Knowledge Discovery and Data Mining, San Jose, California, Usa, August},
  pages={959-967},
  year={2007},
}

@article{Dean2004Simplified,
  title={Simplified Data Processing on Large Clusters},
  author={Dean, Jeffrey and Ghemawat, Sanjay},
  journal={In Proceedings of Operating Systems Design and Implementation (OSDI},
  volume={51},
  number={1},
  pages={107-113},
  year={2004},
}


@article{Chowdhury2011Managing,
  title={Managing data transfers in computer clusters with orchestra},
  author={Chowdhury, Mosharaf and Zaharia, Matei and Ma, Justin and Jordan, Michael I and Stoica, Ion},
  journal={Acm Sigcomm Computer Communication Review},
  volume={41},
  number={4},
  pages={98-109},
  year={2011},
}
@inproceedings{Olston2008Pig,
  title={Pig latin:a not-so-foreign language for data processing},
  author={Olston, Christopher and Reed, Benjamin and Srivastava, Utkarsh and Kumar, Ravi and Tomkins, Andrew},
  booktitle={ACM SIGMOD International Conference on Management of Data},
  pages={1099-1110},
  year={2008},
}

@article{Isard2007Dryad,
  title={Dryad:distributed data-parallel programs from sequential building blocks},
  author={Isard, Michael and Budiu, Mihai and Yu, Yuan and Birrell, Andrew and Fetterly, Dennis},
  journal={ACM SIGOPS Operating Systems Review},
  volume={41},
  number={3},
  pages={59-72},
  year={2007},
}


@inproceedings{Yu2008DryadLINQ,
  title={DryadLINQ: a system for general-purpose distributed data-parallel computing using a high-level language},
  author={Yu, Yuan and Isard, Michael and Fetterly, Dennis and Budiu, Mihai and Erlingsson and lfar and Gunda, Pradeep Kumar and Currey, Jon},
  booktitle={Usenix Symposium on Operating Systems Design and Implementation, OSDI 2008, December 8-10, 2008, San Diego, California, Usa, Proceedings},
  pages={1-14},
  year={2008},
}

@article{Chaiken2008SCOPE,
  title={SCOPE: easy and efficient parallel processing of massive data sets},
  author={Chaiken, Ronnie and Jenkins, Bob and Ramsey, Bill and Shakib, Darren and Weaver, Simon and Zhou, Jingren},
  journal={Proceedings of the Vldb Endowment},
  volume={1},
  number={2},
  pages={1265-1276},
  year={2008},
}
@article{Chambers2010FlumeJava,
  title={FlumeJava: easy, efficient data-parallel pipelines},
  author={Chambers, Craig and Raniwala, Ashish and Perry, Frances and Adams, Stephen and Henry, Robert R and Bradshaw, Robert and Weizenbaum, Nathan},
  journal={Acm Sigplan Notices},
  volume={45},
  number={6},
  pages={363-375},
  year={2010},
}
@article{Guo2015Spotting,
  title={Spotting Code Optimizations in Data-Parallel Pipelines through PeriSCOPE},
  author={Guo, Zhenyu and Fan, Xuepeng and Chen, Rishan and Zhang, Jiaxing and Zhou, Hucheng and Mcdirmid, Sean and Liu, Chang and Lin, Wei and Zhou, Jingren and Zhou, Lidong},
  journal={IEEE Transactions on Parallel and Distributed Systems},
  volume={26},
  number={6},
  pages={1718-1731},
  year={2015},
}

@article{Zhang2012Optimizing,
  title={Optimizing Data Shuffling in Data-Parallel Computation by Understanding User-Defined Functions},
  author={Zhang, Jiaxing and Zhou, Hucheng and Chen, Rishan and Fan, Xuepeng and Guo, Zhenyu and Lin, Haoxiang and Li, Jack Y and Lin, Wei and Zhou, Jingren and Zhou, Lidong},
  journal={Functions Jiaxing},
  pages={22-22},
  year={2012},
}

@inproceedings{Zaharia2012Resilient,
  title={Resilient distributed datasets: a fault-tolerant abstraction for in-memory cluster computing},
  author={Zaharia, Matei and Chowdhury, Mosharaf and Das, Tathagata and Dave, Ankur and Ma, Justin and Mccauley, Murphy and Franklin, Michael J. and Shenker, Scott and Stoica, Ion},
  booktitle={Usenix Conference on Networked Systems Design and Implementation},
  pages={2-2},
  year={2012},
}

@inproceedings{Malewicz2010Pregel,
  title={Pregel: a system for large-scale graph processing},
  author={Malewicz, Grzegorz and Austern, Matthew H. and Bik, Aart J. C and Dehnert, James C. and Horn, Ilan and Leiser, Naty and Czajkowski, Grzegorz},
  booktitle={ACM SIGMOD International Conference on Management of Data},
  pages={135-146},
  year={2010},
}



@article{kohavi2009controlled,
  title={Controlled experiments on the web: survey and practical guide},
  author={Kohavi, Ron and Longbotham, Roger and Sommerfield, Dan and Henne, Randal M},
  journal={Data mining and knowledge discovery},
  volume={18},
  number={1},
  pages={140--181},
  year={2009},
  publisher={Springer}
}

@article{Vasudevan2009Safe,
  title={Safe and effective fine-grained TCP retransmissions for datacenter communication},
  author={Vasudevan, Vijay and Phanishayee, Amar and Shah, Hiral and Krevat, Elie and Andersen, David G and Ganger, Gregory R and Gibson, Garth A and Mueller, Brian},
  journal={Sigcomm Comput.commun.rev},
  volume={39},
  number={4},
  pages={303-314},
  year={2009},
}


@inproceedings{Qiu2016Experimental,
  title={Experimental Analysis of Algorithms for Coflow Scheduling},
  author={Qiu, Zhen and Stein, Clifford and Zhong, Yuan},
  booktitle={International Symposium on Experimental Algorithms},
  pages={262-277},
  year={2016},
}


@inproceedings{bai2015information,
  title={Information-Agnostic Flow Scheduling for Commodity Data Centers.},
  author={Bai, Wei and Chen, Kai and Wang, Hao and Chen, Li and Han, Dongsu and Tian, Chen},
  booktitle={NSDI},
  pages={455--468},
  year={2015}
}

@inproceedings{grosvenor2015queues,
  title={Queues don't matter when you can jump them!},
  author={Grosvenor, Matthew P and Schwarzkopf, Malte and Gog, Ionel and Watson, Robert NM and Moore, Andrew W and Hand, Steven and Crowcroft, Jon},
  booktitle={NSDI},
  pages={1--14},
  year={2015}
}

@article{perry2015fastpass,
  title={Fastpass: A centralized zero-queue datacenter network},
  author={Perry, Jonathan and Ousterhout, Amy and Balakrishnan, Hari and Shah, Devavrat and Fugal, Hans},
  journal={ACM SIGCOMM Computer Communication Review},
  volume={44},
  number={4},
  pages={307--318},
  year={2015},
  publisher={ACM}
}

@inproceedings{zhao2015rapier,
  title={Rapier: Integrating routing and scheduling for coflow-aware data center networks},
  author={Zhao, Yangming and Chen, Kai and Bai, Wei and Yu, Minlan and Tian, Chen and Geng, Yanhui and Zhang, Yiming and Li, Dan and Wang, Sheng},
  booktitle={Computer Communications (INFOCOM), 2015 IEEE Conference on},
  pages={424--432},
  year={2015},
  organization={IEEE}
}

@inproceedings{liu2017task,
  title={Task-aware TCP in Data Center Networks},
  author={Liu, Sen and Huang, Jiawei and Zhou, Yutao and Wang, Jianxin and He, Tian},
  booktitle={Distributed Computing Systems (ICDCS), 2017 IEEE 37th International Conference on},
  pages={1356--1366},
  year={2017},
  organization={IEEE}
}

@inproceedings{kumar2011lp,
  title={On LP-based approximability for strict CSPs},
  author={Kumar, Amit and Manokaran, Rajsekar and Tulsiani, Madhur and Vishnoi, Nisheeth K},
  booktitle={Proceedings of the twenty-second annual ACM-SIAM symposium on Discrete Algorithms},
  pages={1560--1573},
  year={2011},
  organization={Society for Industrial and Applied Mathematics}
}

@misc{openstack,
title ={openstack},
 url ={https://www.openstack.org/},
}
@misc{TC,
title ={Traffic Control},
 url ={http://tldp.org/HOWTO/Traffic-Control-HOWTO/intro.html/},
}

@inproceedings{xu2014repflow,
  title={Repflow: Minimizing flow completion times with replicated flows in data centers},
  author={Xu, Hong and Li, Baochun},
  booktitle={INFOCOM, 2014 Proceedings IEEE},
  pages={1581--1589},
  year={2014},
  organization={IEEE}
}
@inproceedings{schulz1996scheduling,
  title={Scheduling to minimize total weighted completion time: Performance guarantees of LP-based heuristics and lower bounds},
  author={Schulz, Andreas S},
  booktitle={International Conference on Integer Programming and Combinatorial Optimization},
  pages={301--315},
  year={1996},
  organization={Springer}
}

@inproceedings{wischik2011design,
  title={Design, Implementation and Evaluation of Congestion Control for Multipath TCP.},
  author={Wischik, Damon and Raiciu, Costin and Greenhalgh, Adam and Handley, Mark},
  booktitle={NSDI},
  volume={11},
  pages={8--8},
  year={2011}
}

@inproceedings{Cronkite2016Virtualized,
  title={Virtualized Congestion Control},
  author={Cronkite-Ratcliff, Bryce and Bergman, Aran and Keslassy, Isaac and Keslassy, Isaac and Keslassy, Isaac and Keslassy, Isaac and Keslassy, Isaac},
  booktitle={Conference on ACM SIGCOMM 2016 Conference},
  pages={230-243},
  year={2016},
}

@inproceedings{He2016AC,
  title={AC/DC TCP: Virtual Congestion Control Enforcement for Datacenter Networks},
  author={He, Keqiang and Rozner, Eric and Agarwal, Kanak and Gu, Yu and Felter, Wes and Carter, John and Akella, Aditya},
  booktitle={Conference on ACM SIGCOMM 2016 Conference},
  pages={244-257},
  year={2016},
}




