@ARTICLE{ICTCP, 
author="Haitao Wu and Zhenqian Feng and Chuanxiong Guo and Yongguang Zhang", 
journal="Networking, IEEE/ACM Transactions on", 
title="ICTCP: Incast Congestion Control for TCP in Data-Center Networks", 
year=2013, 
month=apr, 
volume="21", 
number="2", 
pages="345-358",
lang = "zh", 
}

@INPROCEEDINGS{L2DCT,  
  author={Munir, A. and Qazi, I.A. and Uzmi, Z.A. and Mushtaq, A. and Ismail, S.N. and Iqbal, M.S. and Khan, B.}, 
  booktitle={INFOCOM, 2013 Proceedings IEEE}, 
  title={Minimizing flow completion times in data centers}, 
  year=2013, 
  month = April,
  pages="2157-2165", 
  address = {"Turin, Italy"},
  publisher={"IEEE INFOCOM"},
  pages={267--280},  
  year={2010},  
}  